<?xml version = "1.0" encoding = "UTF-8"?><record>
  <leader>00980nam#a22002772cc4500</leader>
  <controlfield tag="005">20210408051129.0</controlfield>
  <controlfield tag="008">921203|1986####gw############|||#|#ger#c</controlfield>
  <controlfield tag="003">DE-605</controlfield>
  <controlfield tag="001">990080991100206441</controlfield>
  <datafield tag="016" ind1="7" ind2=" ">
    <subfield code="a">1070360154</subfield>
    <subfield code="2">OCoLC</subfield>
  </datafield>
  <datafield tag="035" ind1=" " ind2=" ">
    <subfield code="a">(DE-605)HT004381366</subfield>
  </datafield>
  <datafield tag="040" ind1=" " ind2=" ">
    <subfield code="a">6</subfield>
    <subfield code="b">ger</subfield>
    <subfield code="d">6</subfield>
    <subfield code="e">rakwb</subfield>
  </datafield>
  <datafield tag="041" ind1=" " ind2=" ">
    <subfield code="a">ger</subfield>
  </datafield>
  <datafield tag="044" ind1=" " ind2=" ">
    <subfield code="c">XA-DE</subfield>
  </datafield>
  <datafield tag="084" ind1=" " ind2=" ">
    <subfield code="a">M&#252;nsterland</subfield>
    <subfield code="0">https://nwbib.de/spatial#Q1700</subfield>
    <subfield code="2">nwbib</subfield>
    <subfield code="0">(uri) https://portal.dnb.de/opac.htm?method=simpleSearch&amp;cqlMode=true&amp;query=idn=040406199</subfield>
    <subfield code="0">(uri) http://viaf.org/viaf/sourceID/DNB|040406199</subfield>
  </datafield>
  <datafield tag="084" ind1=" " ind2=" ">
    <subfield code="a">Regionalplanung</subfield>
    <subfield code="0">https://nwbib.de/subjects#N572030</subfield>
    <subfield code="2">nwbib</subfield>
  </datafield>
  <datafield tag="110" ind1="1" ind2=" ">
    <subfield code="a">Regierungsbezirk M&#252;nster</subfield>
    <subfield code="0">(DE-588)4040613-1</subfield>
    <subfield code="4">aut</subfield>
    <subfield code="9">O:H</subfield>
    <subfield code="0">(uri) https://portal.dnb.de/opac.htm?method=simpleSearch&amp;cqlMode=true&amp;query=idn=04040613X</subfield>
    <subfield code="0">(uri) http://viaf.org/viaf/sourceID/DNB|04040613X</subfield>
    <subfield code="B">GND-04040613X</subfield>
  </datafield>
  <datafield tag="245" ind1="1" ind2="0">
    <subfield code="a">Gebietsentwicklungsplan</subfield>
    <subfield code="n">&lt;Tezemu&gt;</subfield>
    <subfield code="p">Teilabschnitt Zentrales M&#252;nsterland</subfield>
  </datafield>
  <datafield tag="264" ind1=" " ind2="1">
    <subfield code="a">M&#252;nster</subfield>
    <subfield code="b">Der Regierungspr&#228;sident</subfield>
    <subfield code="c">1986</subfield>
  </datafield>
  <datafield tag="300" ind1=" " ind2=" ">
    <subfield code="a">117 S. : zahlr. Kt.</subfield>
    <subfield code="e">14 Kt.-Beil.</subfield>
  </datafield>
  <datafield tag="689" ind1="0" ind2="0">
    <subfield code="a">M&#252;nsterland</subfield>
    <subfield code="D">g</subfield>
    <subfield code="0">(DE-588)4040619-2</subfield>
    <subfield code="0">(uri) https://portal.dnb.de/opac.htm?method=simpleSearch&amp;cqlMode=true&amp;query=idn=040406199</subfield>
    <subfield code="0">(uri) http://viaf.org/viaf/sourceID/DNB|040406199</subfield>
    <subfield code="B">GND-040406199</subfield>
  </datafield>
  <datafield tag="689" ind1="0" ind2="1">
    <subfield code="a">Regionalplan</subfield>
    <subfield code="D">s</subfield>
    <subfield code="0">(DE-588)4306876-5</subfield>
    <subfield code="0">(uri) https://portal.dnb.de/opac.htm?method=simpleSearch&amp;cqlMode=true&amp;query=idn=043068766</subfield>
    <subfield code="0">(uri) http://viaf.org/viaf/sourceID/DNB|043068766</subfield>
    <subfield code="B">GND-043068766</subfield>
  </datafield>
  <datafield tag="773" ind1="0" ind2="8">
    <subfield code="w">(DE-605)HT003160768</subfield>
    <subfield code="q">Tezemu</subfield>
  </datafield>
  <datafield tag="960" ind1="1" ind2=" ">
    <subfield code="n">NWBib-6</subfield>
  </datafield>
  <datafield tag="964" ind1="0" ind2="s">
    <subfield code="F">030</subfield>
    <subfield code="A">h|1uc||||||||</subfield>
  </datafield>
  <datafield tag="035" ind1=" " ind2=" ">
    <subfield code="a">(OCoLC)1070360154</subfield>
    <subfield code="0">(uri) http://www.worldcat.org/oclc/1070360154</subfield>
  </datafield>
  <datafield tag="MBD" ind1=" " ind2=" ">
    <subfield code="M">49HBZ_NETWORK</subfield>
    <subfield code="i">990080991100206441</subfield>
    <subfield code="n">HBZ Network</subfield>
  </datafield>
  <datafield tag="MNG" ind1=" " ind2=" ">
    <subfield code="c">System</subfield>
    <subfield code="f">ILS</subfield>
    <subfield code="i">marc21</subfield>
    <subfield code="k">01</subfield>
    <subfield code="e">false</subfield>
    <subfield code="d">2021-05-06 04:18:56 Europe/Berlin</subfield>
    <subfield code="g">008099110-HBZ01</subfield>
    <subfield code="j">60</subfield>
    <subfield code="a">import</subfield>
    <subfield code="b">2021-04-05 13:49:12 Europe/Berlin</subfield>
  </datafield>
  <datafield tag="GST" ind1=" " ind2=" ">
    <subfield code="a">Regionalentwicklungsplan</subfield>
    <subfield code="A">GND</subfield>
    <subfield code="B">GND-043068766</subfield>
    <subfield code="C">450</subfield>
  </datafield>
  <datafield tag="GST" ind1=" " ind2=" ">
    <subfield code="a">Gebietsentwicklungsplan</subfield>
    <subfield code="9">v:Quasisynonym</subfield>
    <subfield code="A">GND</subfield>
    <subfield code="B">GND-043068766</subfield>
    <subfield code="C">450</subfield>
  </datafield>
  <datafield tag="GST" ind1=" " ind2=" ">
    <subfield code="a">Regionaler Raumordnungsplan</subfield>
    <subfield code="A">GND</subfield>
    <subfield code="B">GND-043068766</subfield>
    <subfield code="C">450</subfield>
  </datafield>
  <datafield tag="GSI" ind1="7" ind2=" ">
    <subfield code="a">http://d-nb.info/gnd/4306876-5</subfield>
    <subfield code="2">uri</subfield>
    <subfield code="A">GND</subfield>
    <subfield code="B">GND-043068766</subfield>
    <subfield code="C">024</subfield>
  </datafield>
  <datafield tag="GSI" ind1="7" ind2=" ">
    <subfield code="a">http://d-nb.info/gnd/4040619-2</subfield>
    <subfield code="2">uri</subfield>
    <subfield code="A">GND</subfield>
    <subfield code="B">GND-040406199</subfield>
    <subfield code="C">024</subfield>
  </datafield>
  <datafield tag="GSI" ind1="7" ind2=" ">
    <subfield code="a">http://d-nb.info/gnd/4040613-1</subfield>
    <subfield code="2">uri</subfield>
    <subfield code="A">GND</subfield>
    <subfield code="B">GND-04040613X</subfield>
    <subfield code="C">024</subfield>
  </datafield>
  <datafield tag="GGN" ind1=" " ind2=" ">
    <subfield code="a">Bezirk Mu&#776;nster (Westf)</subfield>
    <subfield code="A">GND</subfield>
    <subfield code="B">GND-04040613X</subfield>
    <subfield code="C">451</subfield>
  </datafield>
  <datafield tag="GGN" ind1=" " ind2=" ">
    <subfield code="a">Regierungsbezirk Mu&#776;nster</subfield>
    <subfield code="x">Regierung</subfield>
    <subfield code="4">spio</subfield>
    <subfield code="4">http://d-nb.info/standards/elementset/gnd#variantName</subfield>
    <subfield code="w">r</subfield>
    <subfield code="i">Spitzenorgan</subfield>
    <subfield code="A">GND</subfield>
    <subfield code="B">GND-04040613X</subfield>
    <subfield code="C">451</subfield>
  </datafield>
  <datafield tag="GGN" ind1=" " ind2=" ">
    <subfield code="a">Regierungsbezirk Mu&#776;nster</subfield>
    <subfield code="x">Ko&#776;nigliche Regierung</subfield>
    <subfield code="4">spio</subfield>
    <subfield code="4">http://d-nb.info/standards/elementset/gnd#variantName</subfield>
    <subfield code="w">r</subfield>
    <subfield code="i">Spitzenorgan</subfield>
    <subfield code="A">GND</subfield>
    <subfield code="B">GND-04040613X</subfield>
    <subfield code="C">451</subfield>
  </datafield>
  <datafield tag="GGN" ind1=" " ind2=" ">
    <subfield code="a">Regierungsbezirk Mu&#776;nster</subfield>
    <subfield code="x">Regierungspra&#776;sident</subfield>
    <subfield code="4">spio</subfield>
    <subfield code="4">http://d-nb.info/standards/elementset/gnd#variantName</subfield>
    <subfield code="w">r</subfield>
    <subfield code="i">Spitzenorgan</subfield>
    <subfield code="A">GND</subfield>
    <subfield code="B">GND-04040613X</subfield>
    <subfield code="C">451</subfield>
  </datafield>
  <datafield tag="GGN" ind1=" " ind2=" ">
    <subfield code="a">Regierungsbezirk Mu&#776;nster</subfield>
    <subfield code="x">Bezirkstag</subfield>
    <subfield code="4">spio</subfield>
    <subfield code="4">http://d-nb.info/standards/elementset/gnd#variantName</subfield>
    <subfield code="w">r</subfield>
    <subfield code="i">Spitzenorgan</subfield>
    <subfield code="A">GND</subfield>
    <subfield code="B">GND-04040613X</subfield>
    <subfield code="C">451</subfield>
  </datafield>
  <datafield tag="GGN" ind1=" " ind2=" ">
    <subfield code="a">Regierungsbezirk Mu&#776;nster</subfield>
    <subfield code="x">Dezernat 45 3</subfield>
    <subfield code="4">spio</subfield>
    <subfield code="4">http://d-nb.info/standards/elementset/gnd#variantName</subfield>
    <subfield code="w">r</subfield>
    <subfield code="i">Spitzenorgan</subfield>
    <subfield code="A">GND</subfield>
    <subfield code="B">GND-04040613X</subfield>
    <subfield code="C">451</subfield>
  </datafield>
  <datafield tag="GGN" ind1=" " ind2=" ">
    <subfield code="a">Regierungsbezirk Mu&#776;nster</subfield>
    <subfield code="x">Bezirksregierung</subfield>
    <subfield code="4">spio</subfield>
    <subfield code="4">http://d-nb.info/standards/elementset/gnd#variantName</subfield>
    <subfield code="w">r</subfield>
    <subfield code="i">Spitzenorgan</subfield>
    <subfield code="A">GND</subfield>
    <subfield code="B">GND-04040613X</subfield>
    <subfield code="C">451</subfield>
  </datafield>
  <datafield tag="GGN" ind1=" " ind2=" ">
    <subfield code="a">Bezirksregierung Mu&#776;nster</subfield>
    <subfield code="A">GND</subfield>
    <subfield code="B">GND-04040613X</subfield>
    <subfield code="C">451</subfield>
  </datafield>
  <datafield tag="GGN" ind1=" " ind2=" ">
    <subfield code="a">Regierungsbezirk Mu&#776;nster</subfield>
    <subfield code="x">Schulabteilung</subfield>
    <subfield code="4">spio</subfield>
    <subfield code="4">http://d-nb.info/standards/elementset/gnd#variantName</subfield>
    <subfield code="w">r</subfield>
    <subfield code="i">Spitzenorgan</subfield>
    <subfield code="A">GND</subfield>
    <subfield code="B">GND-04040613X</subfield>
    <subfield code="C">451</subfield>
  </datafield>
  <datafield tag="GGN" ind1=" " ind2=" ">
    <subfield code="a">Regierungsbezirk Mu&#776;nster</subfield>
    <subfield code="x">Lehrerfortbildung</subfield>
    <subfield code="4">spio</subfield>
    <subfield code="4">http://d-nb.info/standards/elementset/gnd#variantName</subfield>
    <subfield code="w">r</subfield>
    <subfield code="i">Spitzenorgan</subfield>
    <subfield code="A">GND</subfield>
    <subfield code="B">GND-04040613X</subfield>
    <subfield code="C">451</subfield>
  </datafield>
  <datafield tag="GGN" ind1=" " ind2=" ">
    <subfield code="a">Regierungsbezirk Mu&#776;nster</subfield>
    <subfield code="x">Lehrer-Fort- und -Weiterbildung</subfield>
    <subfield code="4">spio</subfield>
    <subfield code="4">http://d-nb.info/standards/elementset/gnd#variantName</subfield>
    <subfield code="w">r</subfield>
    <subfield code="i">Spitzenorgan</subfield>
    <subfield code="A">GND</subfield>
    <subfield code="B">GND-04040613X</subfield>
    <subfield code="C">451</subfield>
  </datafield>
  <datafield tag="GGN" ind1=" " ind2=" ">
    <subfield code="a">Regierungsbezirk Mu&#776;nster</subfield>
    <subfield code="x">Dezernat 61</subfield>
    <subfield code="4">spio</subfield>
    <subfield code="4">http://d-nb.info/standards/elementset/gnd#variantName</subfield>
    <subfield code="w">r</subfield>
    <subfield code="i">Spitzenorgan</subfield>
    <subfield code="A">GND</subfield>
    <subfield code="B">GND-04040613X</subfield>
    <subfield code="C">451</subfield>
  </datafield>
  <datafield tag="GGN" ind1=" " ind2=" ">
    <subfield code="a">Regierungsbezirk Mu&#776;nster</subfield>
    <subfield code="x">Dezernat 45</subfield>
    <subfield code="4">spio</subfield>
    <subfield code="4">http://d-nb.info/standards/elementset/gnd#variantName</subfield>
    <subfield code="w">r</subfield>
    <subfield code="i">Spitzenorgan</subfield>
    <subfield code="A">GND</subfield>
    <subfield code="B">GND-04040613X</subfield>
    <subfield code="C">451</subfield>
  </datafield>
</record>